@misc{tuxstory,
author = {Michelle Delio},
title = {The Story behind Tux the Penguin},
howpublished = "\url{http://www.wired.com/2001/03/the-story-behind-tux-the-penguin/}",
year = {2001},
note = "[Online; besucht 24. November 2015]"
}

@misc{ewing,
author = {Larry Ewing},
title = {Linux 2.0 Penguins},
howpublished = "\url{http://isc.tamu.edu/~lewing/linux/}",
note = "[Online; besucht 24. November 2015]"
}

@misc{f-lohmueller,
author = {Friedrich A. Lohm√ºller},
title = {Beschreibungen und Beispiele zu POV-Ray},
howpublished = {\url{http://www.f-lohmueller.de/pov_tut/pov__ger.htm}},
note = "[Online; besucht 22. Januar 2016]"
}
